<record><leader>00000cas a22000007a 4500</leader><controlfield tag="001">11430557</controlfield><controlfield tag="008">841128d19181919mtuwr ne      0   a0eng d</controlfield><datafield ind1=" " ind2=" " tag="010"><subfield code="a">sn 84036255 </subfield></datafield><datafield ind1=" " ind2=" " tag="040"><subfield code="a">MTL</subfield><subfield code="b">eng</subfield><subfield code="c">MTL</subfield><subfield code="d">OCLCQ</subfield><subfield code="d">DLC</subfield><subfield code="d">OCLCF</subfield></datafield><datafield ind1="0" ind2=" " tag="022"><subfield code="a">2470-3273</subfield><subfield code="2">1</subfield></datafield><datafield ind1=" " ind2=" " tag="042"><subfield code="a">msc</subfield><subfield code="a">nsdp</subfield></datafield><datafield ind1=" " ind2=" " tag="043"><subfield code="a">n-us-mt</subfield></datafield><datafield ind1="0" ind2="0" tag="050"><subfield code="a">Newspaper</subfield></datafield><datafield ind1="1" ind2="0" tag="082"><subfield code="a">071</subfield><subfield code="2">23</subfield></datafield><datafield ind1=" " ind2="4" tag="222"><subfield code="a">The Broadus independent</subfield><subfield code="b">(Print)</subfield></datafield><datafield ind1="0" ind2="4" tag="245"><subfield code="a">The Broadus independent.</subfield></datafield><datafield ind1="1" ind2="0" tag="246"><subfield code="a">Olive branch</subfield></datafield><datafield ind1=" " ind2=" " tag="260"><subfield code="a">Broadus, Mont. :</subfield><subfield code="b">[s.n.],</subfield><subfield code="c">-1919.</subfield></datafield><datafield ind1=" " ind2=" " tag="300"><subfield code="a">1 v. :</subfield><subfield code="b">ill. ;</subfield><subfield code="c">52 cm.</subfield></datafield><datafield ind1=" " ind2=" " tag="310"><subfield code="a">Weekly</subfield></datafield><datafield ind1="0" ind2=" " tag="362"><subfield code="a">-v. 1, no. 31 (May 24, 1919).</subfield></datafield><datafield ind1="1" ind2=" " tag="362"><subfield code="a">Began in Oct. 1918.</subfield><subfield code="z">Cf. Gregory, W. Amer. newspapers.</subfield></datafield><datafield ind1=" " ind2=" " tag="500"><subfield code="a">Sometimes published as: Olive branch (Mar. 1919).</subfield></datafield><datafield ind1=" " ind2=" " tag="500"><subfield code="a">Published at Broadus, &lt;Oct. 1918-Feb. 1919&gt;; at Olive, Mar. 6-Apr. 17, 1919; at Broadus, Apr. 24-May 24, 1919.</subfield></datafield><datafield ind1=" " ind2=" " tag="530"><subfield code="a">Archived issues are available in digital format from the Library of Congress Chronicling America online collection.</subfield></datafield><datafield ind1=" " ind2="0" tag="651"><subfield code="a">Broadus (Mont.)</subfield><subfield code="v">Newspapers.</subfield></datafield><datafield ind1=" " ind2="7" tag="655"><subfield code="a">Newspapers.</subfield><subfield code="2">fast</subfield><subfield code="0">(OCoLC)fst01423814</subfield></datafield><datafield ind1=" " ind2="7" tag="651"><subfield code="a">Montana</subfield><subfield code="z">Broadus.</subfield><subfield code="2">fast</subfield><subfield code="0">(OCoLC)fst01253423</subfield></datafield><datafield ind1=" " ind2=" " tag="752"><subfield code="a">United States</subfield><subfield code="b">Montana</subfield><subfield code="c">Powder River</subfield><subfield code="d">Broadus.</subfield></datafield><datafield ind1=" " ind2=" " tag="752"><subfield code="a">United States</subfield><subfield code="b">Montana</subfield><subfield code="c">Powder River</subfield><subfield code="d">Olive.</subfield></datafield><datafield ind1="0" ind2="8" tag="776"><subfield code="i">Online version:</subfield><subfield code="t">Broadus independent</subfield><subfield code="x">2470-3281</subfield><subfield code="w">(DLC)  2015270772</subfield><subfield code="w">(OCoLC)934628543</subfield></datafield><datafield ind1="0" ind2="0" tag="785"><subfield code="t">Powder River County examiner and the Broadus independent</subfield><subfield code="w">(DLC)sn 84036256</subfield></datafield><datafield ind1="4" ind2="1" tag="856"><subfield code="u">http://www.loc.gov/chroniclingamerica/lccn/sn84036255/issues</subfield></datafield></record>